@book{manyika2016digital,
  title={Digital globalization: The new era of global flows},
  author={Manyika, James and Lund, Susan and Bughin, Jacques and Woetzel, Jonathan R and Stamenov, Kalin and Dhingra, Dhruv},
  volume={4},
  year={2016},
  publisher={McKinsey Global Institute San Francisco}
}

@article{lumsden2004truck,
  title={Truck masses and dimensions-impact on transport efficiency},
  author={Lumsden, Kenth},
  journal={Department of Logistics and Transportation, Chalmers University of Technology, Gothenburg},
  year={2004}
}

@article{halff2019likely,
  title={The likely implications of the new IMO standards on the shipping industry},
  author={Halff, Antoine and Younes, Lara and Boersma, Tim},
  journal={Energy Policy},
  volume={126},
  pages={277--286},
  year={2019},
  publisher={Elsevier}
}

@article{van2015internet,
  title={Internet skill levels increase, but gaps widen: A longitudinal cross-sectional analysis (2010--2013) among the Dutch population},
  author={van Deursen, Alexander JAM and van Dijk, Jan AGM},
  journal={Information, Communication \& Society},
  volume={18},
  number={7},
  pages={782--797},
  year={2015},
  publisher={Taylor \& Francis}
}

@article{nilsson2006logistics,
  title={Logistics management in practice--towards theories of complex logistics},
  author={Nilsson, Fredrik},
  journal={The International Journal of Logistics Management},
  volume={17},
  number={1},
  pages={38--54},
  year={2006},
  publisher={Emerald Group Publishing Limited}
}

@article{zacharia2004logistics,
  title={Logistics salience in a changing environment},
  author={Zacharia, Zach G and Mentzer, John T},
  journal={Journal of Business Logistics},
  volume={25},
  number={1},
  pages={187--210},
  year={2004},
  publisher={Wiley Online Library}
}

@book{christopher2016logistics,
  title={Logistics \& supply chain management},
  author={Christopher, Martin},
  year={2016},
  publisher={Pearson UK}
}

@article{bharati2015current,
  title={Current status of technology adoption: Micro, small and medium manufacturing firms in Boston},
  author={Bharati, Pratyush and Chaudhury, Abhijit},
  journal={Bharati, P. and Chaudhury, A.(2006),“Current Status of Technology Adoption: Micro, Small and Medium Manufacturing Firms in Boston”, Communications of the ACM},
  volume={49},
  number={10},
  pages={88--93},
  year={2015}
}

@article{neubert2018collaboration,
  title={Collaboration and integration through information technologies in supply chains},
  author={Neubert, Gilles and Ouzrout, Yacine and Bouras, Abdelaziz},
  journal={arXiv preprint arXiv:1811.01688},
  year={2018}
}

@article{garg2018supply,
  title={IT/IS in supply chain management of agro industries},
  author={Garg, SK and Sharma, Manoj K and Shukla, Mukesh},
  journal={Management of innovation, technology, transfer \& flexibility for competitiveness in the globalized world. New Delhi, India: Global Institute of Flexible Systems Management. Retrieved from http://www. indianjournals. com/glogift2k6/glogift2k6-1-1/theme\_1/Article},
  year={2018}
}

@article{dweekat2017supply,
  title={A supply chain performance measurement approach using the internet of things: Toward more practical SCPMS},
  author={Dweekat, Abdallah Jamal and Hwang, Gyusun and Park, Jinwoo},
  journal={Industrial Management \& Data Systems},
  volume={117},
  number={2},
  pages={267--286},
  year={2017},
  publisher={Emerald Publishing Limited}
}

@article{abeyratne2016blockchain,
  title={Blockchain ready manufacturing supply chain using distributed ledger},
  author={Abeyratne, Saveen A and Monfared, Radmehr P},
  year={2016},
  publisher={{\copyright} The Authors. Published by eSAT}
}

@article{majeed2017internet,
  title={Internet of Things (IoT) embedded future supply chains for industry 4.0: an assessment from an ERP-based fashion apparel and footwear industry},
  author={Majeed, Aabid Abdul and Rupasinghe, Thashika D},
  journal={International Journal of Supply Chain Management},
  volume={6},
  number={1},
  pages={25--40},
  year={2017}
}

@article{popov2016tangle,
  title={The tangle},
  author={Popov, Serguei},
  journal={cit. on},
  pages={131},
  year={2016}
}

@article{bramas2018stability,
  title={The Stability and the Security of the Tangle},
  author={Bramas, Quentin},
  year={2018}
}